<record><leader>00000cas a22000007a 4500</leader><controlfield tag="001">18525668</controlfield><controlfield tag="008">880923d18981901iduwr ne      0    0eng d</controlfield><datafield ind1=" " ind2=" " tag="010"><subfield code="a">sn 88056026 </subfield></datafield><datafield ind1=" " ind2=" " tag="040"><subfield code="a">NVB</subfield><subfield code="b">eng</subfield><subfield code="c">NVB</subfield><subfield code="d">OCLCQ</subfield><subfield code="d">UKMGB</subfield><subfield code="d">OCLCQ</subfield><subfield code="d">OCLCF</subfield><subfield code="d">OCLCO</subfield></datafield><datafield ind1="7" ind2=" " tag="016"><subfield code="a">013927459</subfield><subfield code="2">Uk</subfield></datafield><datafield ind1=" " ind2=" " tag="042"><subfield code="a">msc</subfield></datafield><datafield ind1=" " ind2=" " tag="043"><subfield code="a">n-us-id</subfield></datafield><datafield ind1="0" ind2=" " tag="130"><subfield code="a">Capital (Boise, Idaho)</subfield></datafield><datafield ind1="1" ind2="4" tag="245"><subfield code="a">The capital.</subfield></datafield><datafield ind1="1" ind2="7" tag="246"><subfield code="a">Weekly capital</subfield></datafield><datafield ind1=" " ind2=" " tag="260"><subfield code="a">Boise, Idaho :</subfield><subfield code="b">Capital Print. Co.</subfield></datafield><datafield ind1=" " ind2=" " tag="300"><subfield code="a">v.</subfield></datafield><datafield ind1=" " ind2=" " tag="310"><subfield code="a">Weekly,</subfield><subfield code="b">Jan.-Feb. 2, 1901</subfield></datafield><datafield ind1=" " ind2=" " tag="321"><subfield code="a">Weekly,</subfield><subfield code="b">Dec. 10, 1898-Dec. 1, 1900</subfield></datafield><datafield ind1=" " ind2=" " tag="321"><subfield code="a">Semiweekly,</subfield><subfield code="b">Dec. 5, 1900-Jan. 12, 1901</subfield></datafield><datafield ind1="0" ind2=" " tag="362"><subfield code="a">Vol. 1, no. 30 (Dec. 10, 1898)-v. 5, no. 14 (Feb. 2, 1901).</subfield></datafield><datafield ind1=" " ind2="0" tag="651"><subfield code="a">Boise (Idaho)</subfield><subfield code="v">Newspapers.</subfield></datafield><datafield ind1=" " ind2="7" tag="655"><subfield code="a">Newspapers.</subfield><subfield code="2">fast</subfield><subfield code="0">(OCoLC)fst01423814</subfield></datafield><datafield ind1=" " ind2="7" tag="651"><subfield code="a">Idaho</subfield><subfield code="z">Boise.</subfield><subfield code="2">fast</subfield><subfield code="0">(OCoLC)fst01205276</subfield></datafield><datafield ind1=" " ind2=" " tag="752"><subfield code="a">United States</subfield><subfield code="b">Idaho</subfield><subfield code="c">Ada</subfield><subfield code="d">Boise.</subfield></datafield><datafield ind1="0" ind2=" " tag="775"><subfield code="t">Daily capital (Boise, Idaho)</subfield><subfield code="w">(DLC)sn 88056023</subfield></datafield><datafield ind1="0" ind2="0" tag="780"><subfield code="t">Silver champion</subfield></datafield><datafield ind1="0" ind2="0" tag="785"><subfield code="t">Idaho capital news</subfield><subfield code="w">(DLC)sn 88056025</subfield></datafield></record>